@misc{iitkgp-apptraffic-20151126,
    author = {Satadal Sengupta and Harshit Gupta and Niloy Ganguly and Bivas Mitra and Pradipta De and Sandip Chakraborty},
    title = {{CRAWDAD} dataset iitkgp/apptraffic (v. 2015-11-26)},
    howpublished = {Downloaded from \url{http://crawdad.org/iitkgp/apptraffic/20151126}},
    doi = {10.15783/C77S3W},
    month = nov,
    year = 2015
}

@inproceedings{huang2003adaptive,
  title={Adaptive live video streaming by priority drop},
  author={Huang, Jie and Krasic, Charles and Walpole, Jonathan},
  booktitle={AVSS'03 Proceedings of the IEEE Conference on Advanced Video and Signal Based Surveillance},
  year={2003}
}
@inproceedings{zhang2015selective,
  title={Selective sending block determination method based on quad-tree structure for live video streaming systems},
  author={Zhang, Ning and Yakoh, Takahiro},
  booktitle={Industrial Electronics Society, IECON 2015-41st Annual Conference of the IEEE},
  pages={002367--002371},
  year={2015},
  organization={IEEE}
}
@inproceedings{corbillon2016cross,
  title={Cross-layer scheduler for video streaming over MPTCP},
  author={Corbillon, Xavier and Aparicio-Pardo, Ramon and Kuhn, Nicolas and Texier, G{\'e}raldine and Simon, Gwendal},
  booktitle={Proceedings of the 7th International Conference on Multimedia Systems},
  pages={7},
  year={2016},
  organization={ACM}
}
@article{paravati2010feedback,
  title={A feedback-based control technique for interactive live streaming systems to mobile devices},
  author={Paravati, Gianluca and Celozzi, Cesare and Sanna, Andrea and Lamberti, Fabrizio},
  journal={IEEE Transactions on Consumer Electronics},
  volume={56},
  number={1},
  year={2010},
  publisher={IEEE}
}
@inproceedings{krasic2003quality,
  title={Quality-adaptive media streaming by priority drop},
  author={Krasic, Charles and Walpole, Jonathan and Feng, Wu-chi},
  booktitle={Proceedings of the 13th international workshop on Network and operating systems support for digital audio and video},
  pages={112--121},
  year={2003},
  organization={ACM}
}
@inproceedings{singh2004dynamic,
  title={A dynamic-priority based approach to streaming video over cellular network},
  author={Singh, Shantanu Kumar and Leong, Hon Wai and Chakravarty, Som Nath},
  booktitle={Computer Communications and Networks, 2004. ICCCN 2004. Proceedings. 13th International Conference on},
  pages={281--286},
  year={2004},
  organization={IEEE}
}
@article{jurca2007video,
  title={Video packet selection and scheduling for multipath streaming},
  author={Jurca, Dan and Frossard, Pascal},
  journal={IEEE Transactions on Multimedia},
  volume={9},
  number={3},
  pages={629--641},
  year={2007},
  publisher={IEEE}
}
@inproceedings{endoh2008low,
  title={Low delay live video streaming system for interactive use},
  author={Endoh, Kenta and Yoshida, Kurima and Yakoh, Takahiro},
  booktitle={Industrial Informatics, 2008. INDIN 2008. 6th IEEE International Conference on},
  pages={1481--1486},
  year={2008},
  organization={IEEE}
}

@misc{dummynet,
  title={http://info.iet.unipi.it/~luigi/dummynet/}
}

@misc{twitter,
  title={https://en.wikipedia.org/wiki/Meerkat(app)}
}
@misc{iqiyi,
 title={http://www.iqiyi.com/}
}
@misc{facebook,
 title={https://live.fb.com/}
}
@misc{periscope,
 title={https://www.pscp.tv/}
}
@misc{twitch,
 title={https://www.twitch.tv/}
}
@misc{douyu,
 title={https://www.douyu.com/}
}

@misc{OBS,
 title={https://obsproject.com/}
}

@misc{FCC_dataset,
 title={https://www.fcc.gov/measuring-broadband-america}
}

@misc{HSDPA_dataset,
 title={http://home.ifi.uio.no/paalh/dataset/hsdpa-tcp-logs/}
}

@misc{x264,
 title={http://www.videolan.org/developers/x264.html}
}

@misc{video_dataset,
 title={https://media.xiph.org/video/derf/}
}

@misc{panda,
 title={https://www.panda.tv/}
}


@inproceedings{zhang2015crowdsourced,
  title={On crowdsourced interactive live streaming: a twitch. tv-based measurement study},
  author={Zhang, Cong and Liu, Jiangchuan},
  booktitle={Proceedings of the 25th ACM Workshop on Network and Operating Systems Support for Digital Audio and Video},
  pages={55--60},
  year={2015},
  organization={ACM}
}

@inproceedings{tang2016meerkat,
  title={Meerkat and periscope: I stream, you stream, apps stream for live streams},
  author={Tang, John C and Venolia, Gina and Inkpen, Kori M},
  booktitle={Proceedings of the 2016 CHI Conference on Human Factors in Computing Systems},
  pages={4770--4780},
  year={2016},
  organization={ACM}
}

@inproceedings{siekkinen2016first,
  title={A First Look at Quality of Mobile Live Streaming Experience: the Case of Periscope},
  author={Siekkinen, Matti and Masala, Enrico and K{\"a}m{\"a}r{\"a}inen, Teemu},
  booktitle={Proceedings of the 2016 ACM on Internet Measurement Conference},
  pages={477--483},
  year={2016},
  organization={ACM}
}

@inproceedings{wang2016anatomy,
  title={Anatomy of a personalized livestreaming system},
  author={Wang, Bolun and Zhang, Xinyi and Wang, Gang and Zheng, Haitao and Zhao, Ben Y},
  booktitle={Proceedings of the 2016 ACM on Internet Measurement Conference},
  pages={485--498},
  year={2016},
  organization={ACM}
}

@inproceedings{wilk2016leveraging,
  title={Leveraging transitions for the upload of user-generated mobile video},
  author={Wilk, Stefan and Zimmermann, Roger and Effelsberg, Wolfgang},
  booktitle={Proceedings of the 8th International Workshop on Mobile Video},
  pages={5},
  year={2016},
  organization={ACM}
}

@inproceedings{seo2012experimental,
  title={An experimental study of video uploading from mobile devices with HTTP streaming},
  author={Seo, Beomjoo and Cui, Weiwei and Zimmermann, Roger},
  booktitle={Proceedings of the 3rd Multimedia Systems Conference},
  pages={215--225},
  year={2012},
  organization={ACM}
}

@inproceedings{mao2017neural,
  title={Neural adaptive video streaming with pensieve},
  author={Mao, Hongzi and Netravali, Ravi and Alizadeh, Mohammad},
  booktitle={Proceedings of the Conference of the ACM Special Interest Group on Data Communication},
  pages={197--210},
  year={2017},
  organization={ACM}
}

@article{yin2015control,
  title={A control-theoretic approach for dynamic adaptive video streaming over http},
  author={Yin, Xiaoqi and Jindal, Abhishek and Sekar, Vyas and Sinopoli, Bruno},
  journal={ACM SIGCOMM Computer Communication Review},
  volume={45},
  number={4},
  pages={325--338},
  year={2015},
  publisher={ACM}
}

@article{jiang2014improving,
  title={Improving fairness, efficiency, and stability in http-based adaptive video streaming with festive},
  author={Jiang, Junchen and Sekar, Vyas and Zhang, Hui},
  journal={IEEE/ACM Transactions on Networking (TON)},
  volume={22},
  number={1},
  pages={326--340},
  year={2014},
  publisher={IEEE Press}
}

@inproceedings{pires2014dash,
  title={Dash in twitch: Adaptive bitrate streaming in live game streaming platforms},
  author={Pires, Karine and Simon, Gwendal},
  booktitle={Proceedings of the 2014 Workshop on Design, Quality and Deployment of Adaptive Video Streaming},
  pages={13--18},
  year={2014},
  organization={ACM}
}

@article{wang2004image,
  title={Image quality assessment: from error visibility to structural similarity},
  author={Wang, Zhou and Bovik, Alan C and Sheikh, Hamid R and Simoncelli, Eero P},
  journal={IEEE transactions on image processing},
  volume={13},
  number={4},
  pages={600--612},
  year={2004},
  publisher={IEEE}
}

@article{huang2015buffer,
  title={A buffer-based approach to rate adaptation: Evidence from a large video streaming service},
  author={Huang, Te-Yuan and Johari, Ramesh and McKeown, Nick and Trunnell, Matthew and Watson, Mark},
  journal={ACM SIGCOMM Computer Communication Review},
  volume={44},
  number={4},
  pages={187--198},
  year={2015},
  publisher={ACM}
}

@inproceedings{bouzakaria2014overhead,
  title={Overhead and performance of low latency live streaming using MPEG-DASH},
  author={Bouzakaria, Nassima and Concolato, Cyril and Le Feuvre, Jean},
  booktitle={Information, Intelligence, Systems and Applications, IISA 2014, The 5th International Conference on},
  pages={92--97},
  year={2014},
  organization={IEEE}
}

@inproceedings{de2011feedback,
  title={Feedback control for adaptive live video streaming},
  author={De Cicco, Luca and Mascolo, Saverio and Palmisano, Vittorio},
  booktitle={Proceedings of the second annual ACM conference on Multimedia systems},
  pages={145--156},
  year={2011},
  organization={ACM}
}
